2918 5078
293 295 605 390 nominemus
627 314 829 387 urnuecn.
873 315 919 385 11.
944 321 998 384 rs.
1024 321 1078 386 re.
1170 319 1235 384 ars
1269 311 1273 316 ·

58 503 59 506 Ἴ
225 523 275 590 De
293 520 461 590 Goulianoi
474 517 536 610 op.
548 519 611 588 cit.
631 514 701 610 paq.
721 522 777 601 31,
793 524 848 587 32.
870 519 1067 586 obsidionem
1081 539 1137 608 per
1147 541 1234 609 gra-

177 636 242 702 «tes
260 610 428 700 indicatam
445 632 551 700 statuit
568 655 605 698 er
623 632 761 700 doctrina
779 632 966 722 acrologica,
986 631 1133 721 quoniam
1152 629 1235 721 Cop-

177 762 283 817 torum
304 769 393 814 voces
414 746 567 835 rurrep,
590 746 638 812 rel
661 770 800 835 rorep,
819 746 953 837 gradus
975 747 1087 821 scalae
1113 743 1234 834 signifi-

179 872 298 939 cantes,
326 885 453 931 reterri
477 860 704 941 circumdare,
727 862 1001 951 circumcingere,
1031 882 1122 930 rum
1152 856 1234 946 (dia-

137 1026 142 1049 ,
176 972 261 1039 lecto
288 970 450 1061 Sahidica)
472 973 646 1054 claudere,
671 974 853 1055 mernere,
877 974 982 1062 itaque
1010 973 1179 1054 obsidere,
1202 985 1235 1039 et

175 1098 301 1171 x'renio
340 1085 487 1166 obsidio,
521 1088 701 1167 cunclrtsie,
722 1107 827 1152 omnes
853 1086 893 1151 ab
921 1084 1030 1151 eedem
1046 1085 1158 1166 litera,
1191 1110 1232 1174 r,

177 1195 340 1285 incipiant.
379 1190 427 1234 Ἀ
592 1179 600 1188 ’

156 1311 184 1357 -⁴
220 1307 375 1397 Seyfferti
402 1309 463 1400 0p.
493 1310 547 1379 cit.
577 1334 647 1401 pag.
679 1316 753 1380 187.
783 1312 908 1376 sculum
934 1310 1041 1378 Martis
1061 1310 1234 1399 symbolum

177 1433 286 1502 vocnt,
311 1423 455 1511 queantur]
479 1423 625 1490 adhunc
647 1426 803 1515 planetam
819 1423 954 1495 ,obsidia
976 1423 1140 1512 pertineat.

602 1556 706 1604 curer
731 1555 821 1604 xxlx.
1009 1588 1012 1593 .
1302 1605 1305 1611 ,

219 1652 395 1733 Puerum
420 1649 501 1715 ’ἑπτα
527 1653 561 1716 lu
588 1650 656 1716 tirel
685 1648 858 1735 inscelere]
913 1649 961 1714 lta
985 1648 1081 1716 Merc.
1103 1650 1170 1738 jam
1188 1648 1233 1713 le-

176 1756 311 1848 gendum
343 1760 475 1850 conjecit
505 1784 562 1851 pro
593 1783 650 1841 eo,
667 1759 769 1849 quod
798 1773 843 1827 est
877 1760 910 1825 in
939 1758 1011 1826 nld.
1041 1747 1233 1846 lezyplra.

174 1891 307 1961 eamque
333 1872 499 1939 lectionem
521 1871 689 1940 codicibus
707 1872 869 1963 plurimis,
894 1873 1066 1951 Vaticano,
1090 1884 1125 1937 ut
1144 1869 1235 1937 docet

174 1980 293 2050 Pierius
320 1984 479 2075 Hierugl.
510 1985 639 2053 mn.
665 2008 733 2075 cap.
756 1991 817 2067 25,
843 1998 875 2050 et
894 1985 1114 2052 Parisieusibus
1132 1983 1172 2051 A.
1193 1983 1232 2051 B.

168 2094 414 2176 confirmatam,
438 2096 472 2160 in
495 2119 551 2161 suo
570 2117 693 2185 quoque
717 2094 825 2161 codiee
844 2096 992 2162 invenisse
1013 2095 1136 2161 videtur
1155 2097 1235 2163 Tre·
1305 2154 1309 2175 ,

175 2206 295 2287 batius,
322 2219 457 2274 vertens:
488 2205 619 2296 Septem
644 2209 800 2272 elemuttc
819 2210 856 2270 iu
873 2207 994 2272 duoles
1012 2207 1234 2298 digitis-'cort-

175 2326 278 2389 lenta.
325 2320 373 2386 Ile
391 2321 487 2386 Pauw
505 2341 563 2409 pro
581 2320 757 2411 δακτύλοις,
781 2320 884 2409 legens
906 2320 1096 2401 δακτυλίοις,
1119 2319 1234 2385 intelli·
1298 2380 1307 2389 ,

173 2431 220 2522 git
248 2444 364 2522 septem
393 2432 496 2498 literas
523 2431 643 2497 annulis
670 2431 802 2497 inclusas
830 2431 873 2496 ita
901 2429 1076 2512 adumatis,
1100 2444 1134 2498 ut
1158 2432 1234 2498 alter

173 2565 232 2635 per
258 2543 389 2610 alterum
418 2544 529 2610 ductus
556 2543 651 2610 fuerit
677 2544 711 2608 in
738 2542 866 2611 modum
885 2543 1051 2633 sphaerae,
1076 2544 1234 2611 infinitum

172 2652 350 2726 indicantis.
407 2654 471 2724 Sed
501 2659 611 2747 majori
643 2657 738 2724 etiam
770 2657 835 2722 reri
863 2656 1067 2723 similitudine
1096 2659 1153 2723 vir
1182 2658 1231 2726 Gl.

174 2770 336 2852 Reuvcns,
356 2794 414 2861 pro
434 2776 467 2840 ἐν
492 2773 559 2840 δυσὶ
582 2771 756 2851 δακτύλοις,
781 2771 995 2862 corrigendum
1014 2771 1094 2836 mihi
1112 2770 1232 2836 indicu-

174 2881 234 2951 tit:
270 2888 354 2959 ἐντὸς
385 2884 559 2951 δακτυλίου.
612 2883 744 2951 Videtur
773 2884 854 2950 enim
880 2863 1106 2975 scriptor·ante
1129 2883 1232 2949 oculos

173 2993 316 3062 habuisse
335 2996 482 3062 annulum
502 2995 668 3086 quemdam
687 2998 879 3065 Gnostieum.
913 2998 960 3063 Ita
975 2997 1008 3062 in
1023 2998 1095 3085 pala
1109 2995 1231 3075 annuli,

35 3157 40 3169 ,
174 3113 262 3200 cujus
288 3108 472 3176 conficiendi
499 3110 585 3203 ratio?
608 3109 793 3177 describitur
818 3109 850 3174 in
867 3132 986 3199 papyro
1003 3109 1103 3176 Musei
1119 3098 1232 3199 Lugd-

174 3223 245 3291 Bat.
264 3226 313 3291 n0.
334 3227 387 3290 75.
409 3244 565 3312 quemque
583 3223 746 3289 citavimus
760 3222 794 3286 in
815 3220 886 3319 adn.
906 3236 1008 3289 nostra
1027 3221 1068 3287 ad
1086 3245 1155 3329 cap.
1176 3226 1229 3292 14.

170 3334 265 3425 ¹laqus
281 3334 375 3416 libri,
393 3358 464 3424 pag.
485 3339 562 3403 312.
579 3333 810 3401 inscribendum
824 3357 948 3425 quoque
967 3332 1081 3401 dicitur
1098 3357 1227 3404 nomene

174 3451 328 3538 ἀβρασαξ,
354 3453 407 3515 καὶ
428 3453 537 3515 ὄπισθε
559 3456 612 3531 τῆς
635 3448 751 3531 γλυφῆς
773 3460 824 3514 τοῦ
839 3448 930 3514 λίθου
946 3452 981 3514 τὸ
994 3441 1229 3536 αὑτὸγὶβρασαξ,
1255 3477 1259 3493 ν

173 3588 204 3628 u·
218 3559 290 3626 cl.
313 3557 396 3625 unde
412 3560 523 3650 aliquis
541 3559 707 3650 conjecerit
724 3561 838 3635 literis
855 3562 929 3635 illis
946 3570 1083 3650 septem,
1100 3558 1231 3646 intelligi

100 3734 109 3747 ,
174 3673 274 3762 ipsam
300 3693 406 3738 rocem
424 3675 576 3767 ἀβρασαξ,
594 3673 643 3740 rel
660 3675 813 3762 α’βραξας,
836 3673 913 3754 nisi,
938 3696 973 3740 ex
992 3674 1030 3739 iis
1049 3693 1128 3761 quae
1141 3669 1229 3759 'apud

174 3782 407 3872 Horapollinem
435 3797 604 3872 sequnntur
614 3832 625 3865 ,
649 3784 688 3850 de
711 3786 877 3852 vocalibus
895 3785 997 3875 potius
1014 3783 1068 3850 hic
1087 3783 1229 3872 cogitan-

175 3896 251 3964 dum
278 3916 342 3962 esse
370 3894 536 3963 videretur.
592 3897 671 3963 Nam
697 3897 756 3964 hae
785 3919 907 3989 quoque
935 3911 1052 3986 septem
1078 3918 1227 3966 numero:

176 4012 223 4076 A.
246 4016 287 4078 Ε.
305 4014 350 4074 Η.
374 4017 402 4074 Ι.
426 4015 460 4074 0.
485 4014 521 4075 Y.
545 4021 577 4074 et
598 4016 637 4077 11
665 4033 789 4099 magnas
812 4024 913 4100 partes
932 4022 1061 4099 egerunt
1071 4010 1111 4075 in
1130 4004 1243 4078 Gno's·⁴
