2862 5096
351 314 661 395 nemronurtls
683 316 883 394 ntnnocn.
930 325 958 393 1.
983 329 1014 394 7.
1141 328 1202 396 153

146 519 288 625 doctrina
312 523 501 616 Pythagome
526 526 616 594 docet
640 527 770 618 Diogen.
795 530 898 597 Latet.
924 526 1012 596 vm.
1036 530 1065 596 1.
1085 532 1115 615 §.
1131 533 1201 611 30,

145 635 179 698 in
200 636 275 704 fine.
323 636 524 727 Empedocles
541 642 680 707 animum
699 663 762 708 esse
780 640 923 708 censebat
946 638 1033 708 cordi
1057 641 1202 709 suffusum

146 748 341 837 sanguinem:
1140 760 1144 767 ’

214 904 219 911 s
322 857 399 925 Αἷμα
415 862 466 933 γὰρ
482 864 638 945 ἀνθρώπῳ
652 865 829 955 περικάρδξόν
844 867 900 916 ἔστι
914 866 1012 933 adunet

144 970 231 1055 Quae
254 973 381 1062 quidem
410 978 516 1067 opinio
539 991 643 1044 utrum
672 998 743 1045 rere
768 978 954 1069 Empedocli
974 979 1146 1060 tribuatur,
1170 979 1203 1044 in

144 1096 308 1174 utramque
336 1101 458 1176 partem
486 1089 681 1180 disputatum
719 1091 908 1181 Philoponus
934 1091 975 1156 ad
1005 1091 1133 1160 Aristot.
1163 1092 1204 1157 de

143 1195 268 1264 Anima
290 1221 359 1290 cap.
383 1208 416 1271 8.
440 1204 504 1291 ejus
524 1218 681 1272 auctorem
702 1203 831 1271 (isitium
852 1205 936 1272 facit.
984 1204 1043 1272 eff.
1064 1185 1203 1270 Daiisius

143 1308 183 1374 ad
206 1308 272 1379 cic.
294 1311 390 1382 Tusa.
402 1315 544 1406 ,Etsyena
565 1318 587 1385 l.
604 1317 625 1385 l.
647 1316 851 1383 Gudworthus
872 1317 963 1405 Syst.
983 1316 1096 1384 Intell.
1117 1315 1153 1384 T.
1174 1315 1211 1383 L'

43 1494 50 1515 ·
106 1472 120 1495 .
142 1444 213 1511 pag.
232 1429 292 1504 38,
309 1450 376 1516 sqq.
392 1427 559 1517 Wpttenb.
575 1429 607 1494 in
623 1429 745 1518 Disput.
764 1429 1072 1496 deImmortale'tate
1086 1432 1201 1509 aerina

140 1533 255 1624 Opusc.
275 1537 319 1605 ΙΙ.
339 1562 411 1630 pag.
432 1545 507 1609 527.
526 1580 572 1593 -
589 1540 735 1608 liubitari
752 1543 846 1632 possit
855 1555 990 1627 „patrum
1007 1542 1134 1608 fortasse
1148 1539 1202 1608 htc

139 1647 182 1711 ab
200 1647 401 1740 Horapolline
420 1653 581 1744 Aegyptiis
598 1655 793 1734 tribuantur,
814 1676 893 1745 quae
909 1655 1033 1745 proprie
1049 1650 1089 1718 ad
1104 1655 1200 1721 Grae·

141 1780 195 1824 eos
218 1763 409 1849 pertincant,
434 1788 531 1855 quum
550 1766 620 1833 satis
639 1767 748 1833 tritum
767 1767 806 1832 sit
824 1767 865 1831 in·
880 1764 1130 1856 inscriptionibus
1148 1789 1199 1833 se-

135 1870 346 1967 ·pnlcralibus;
382 1881 527 1966 adudxit,
555 1879 618 1945 sive
646 1882 754 1968 εὐψύχι
777 1884 852 1964 μετὰ
876 1889 929 1946 τοῦ
953 1880 1109 1964 Ὀσίριδος.
1130 1872 1197 1947 νὀΙε

140 1983 205 2067 too
226 2011 272 2051 σοι
294 1993 314 2053 ό
333 1990 445 2076 ’Ocima
458 1995 500 2077 οτὸ
522 1995 641 2077 ψυχρὸν
661 1993 752 2079 ὕδωρ.
797 1990 860 2058 Sed
880 1991 949 2056 heri
966 1991 1200 2081 potest,uthoc

132 2109 246 2162 'retum
273 2098 313 2164 de
340 2100 444 2166 anima
470 2103 586 2169 mortui
613 2103 725 2193 frigida
753 2127 832 2192 aqua
857 2103 1010 2185 satianda,
1041 2079 1229 2196 hepyptiis'

141 2209 331 2277 Graecorum
356 2212 483 2279 demum
507 2215 692 2280 commercio
717 2216 904 2284 innotuerit:
937 2215 970 2280 in
988 2214 1099 2281 horum
1117 2218 1201 2283 enim

138 2325 531 2419 lapidibussepulcralibus
545 2327 622 2392 illud
637 2344 799 2394 occurrere
814 2327 906 2395 docet
920 2328 1096 2418 inscriptio,
1108 2322 1201 2418 quam

140 2440 241 2506 edidit
259 2440 476 2520 Montfaucon‚
498 2441 681 2532 Palaeogr.
708 2439 769 2508 Gr.
789 2464 860 2533 pag.
883 2445 945 2509 173
957 2491 966 2522 ,
977 2432 1018 2507 'in
1036 2444 1121 2531 cujus
1139 2440 1202 2507 fine

138 2555 272 2655 legitate
295 2561 379 2639 ψόχῃ
402 2554 522 2641 διψώσῃ
544 2559 664 2640 ψυχρὸν
685 2554 765 2637 ὕδωρ
786 2556 942 2638 peratore.
964 2553 1020 2644 (*).
1037 2593 1074 2606 -
1091 2554 1202 2644 Neque
1312 2572 1318 2579 '

139 2668 248 2739 areri
273 2660 474 2732 similitudine
497 2667 602 2732 abesse
624 2664 767 2747 ridetur,
792 2666 995 2757 Pythagoram
1021 2668 1202 2734 sententiam
1273 2708 1275 2713 ,
1309 2655 1312 2666 ’

141 2780 180 2845 de
199 2780 312 2846 animis
332 2779 479 2870 sangnine
497 2779 633 2860 nutritis,
658 2803 729 2845 cum
748 2794 793 2848 tot
811 2781 879 2847 aliis
899 2803 971 2847 suae
987 2780 1202 2872 philosophiae

19 2966 22 2981 p
139 2893 303 2982 partibus,
333 2893 374 2957 ab
403 2891 563 2982 Aegyptiis
591 2906 750 2983 acceptam
780 2916 852 2959 cnm
875 2894 1000 2960 Graecis
1024 2892 1201 2971 eommuni-

19 3086 20 3099 χ
140 3028 233 3075 casse.
282 3006 364 3071 Huic
388 3005 561 3073 autemeei
578 3018 641 3070 non
659 3007 782 3072 obstare
798 3018 891 3095 puto,
917 3004 1000 3095 quod
1020 3006 1052 3070 in
1071 3004 1202 3095 picturis

19 3116 20 3119 ’
130 3112 328 3184 mumiarum
341 3110 542 3206 iaculorum,
572 3140 779 3207 papyrorum,
804 3118 996 3207 aliorumque
1018 3134 1201 3183 monumen·

139 3245 242 3298 torum
258 3230 433 3320 saepissime
448 3230 583 3296 occurrit
598 3253 708 3321 eorpus
724 3232 858 3312 mortui,
876 3254 966 3322 supra
982 3229 1065 3322 quod
1080 3230 1201 3322 hnubis

19 3393 22 3401 .
140 3366 253 3434 aquam
283 3343 433 3429 effundit3
464 3343 524 3409 hoc
554 3344 637 3431 enim
663 3342 743 3409 nihil
766 3343 851 3409 aliud
879 3357 923 3410 est
949 3367 1043 3434 quam
1066 3344 1201 3410 mumiae

141 3459 330 3524 consecratio
349 3471 443 3547 atque
460 3456 658 3546 purificati03
684 3478 806 3546 neque,
831 3456 915 3546 quod
932 3458 965 3521 in
983 3450 1092 3523 iisdem
1111 3478 1201 3546 saepe

140 3570 279 3667 pingitur
297 3572 417 3637 animus
434 3564 550 3637 mortni
567 3595 585 3636 a
604 3570 660 3641 dea
680 3570 822 3661 Netphe,
842 3593 940 3663 prope
958 3571 1100 3637 arborem
1117 3588 1199 3661 mys-

87 3694 90 3699 ’
139 3668 255 3762 ticam,
288 3682 378 3773 hujus
406 3684 522 3750 fructus
550 3697 580 3751 et
605 3698 716 3774 potum
740 3682 880 3749 divinum
906 3684 1079 3774 accipiens:
1105 3702 1198 3759 nam,
1276 3744 1283 3766 ⁸

127 3807 357 3886 'praeterquam
389 3794 473 3885 quod
505 3795 595 3884 hujus
627 3796 915 3886 repraesentationis
945 3793 1199 3885 significationem
1293 3834 1295 3844 ·

152 4045 205 4116 ’(*)
223 4052 263 4104 Cf.
283 4015 409 4116 bdttiger:
430 4050 605 4119 Arctootoqte
617 4052 669 4104 der
685 4051 796 4103 Maiores·
813 4066 871 4118 pag.
891 4045 933 4101 70.
954 4062 993 4111 sq.
