2840 5086
310 322 620 401 lllllllll'OLLlNlS
642 328 842 399 mancat.
890 329 997 398 1.13.
1112 334 1174 399 193

120 534 305 619 βοοκήμαοιν
324 533 465 614 ἐσομένοις
483 535 729 619 προσημαίνουσι.
765 532 879 601 Euseb.
897 531 1022 624 Praep.
1039 532 1175 624 Euang.

121 641 179 709 ΠΙ.
202 646 244 722 4,
267 654 336 730 post
358 642 402 712 in.
427 644 474 710 διὸ
501 647 554 709 καὶ
579 651 683 728 μόνοις
703 652 767 720 raia
789 652 909 731 ἄστροις
932 650 1073 728 τὴντῶν
1094 646 1175 733 dison

43 762 45 767 ’
100 755 298 851 ⁴si'asu'tlsons
331 756 454 836 αἰτίαν,
485 759 525 821 vol
551 764 654 824 πάντα
691 757 868 841 simoniana
895 757 1090 833 ἐξάπτοντες,
1123 761 1177 822 καὶ

119 873 172 947 τῆς
195 871 258 933 τῶν
278 871 394 951 ἄστρων
416 870 564 948 κινήσεώς
585 893 617 933 τε
644 871 696 932 καὶ
723 876 816 953 φορᾶς
839 868 936 953 ὥοπερ
962 868 1066 951 ἀμέλει
1089 868 1177 944 sicin

116 980 170 1041 asni
192 984 248 1045 νῦν
267 978 321 1059 ἣδε
341 976 413 1063 παρ’
435 979 538 1053 αὐτοῖς
558 986 737 1064 κεκράτηκεν
758 987 778 1064 ἡ
799 981 884 1056 dola.

161 1087 252 1154 πέντε
272 1092 360 1170 μόνοι
381 1089 414 1165 ἐξ
436 1091 540 1157 αὐτῶν
561 1092 746 1178 κινούμενοι]
794 1092 920 1157 Praeter
936 1091 1080 1170 Terram,
1104 1112 1174 1180 sep·

118 1209 180 1263 tem
204 1199 344 1288 planetas
371 1213 488 1267 veteres
518 1213 693 1270 numerant.
751 1199 879 1269 (ioelum
907 1202 1009 1292 ipsum
1036 1202 1175 1275 infinitae

116 1309 337 1401 magnitudinis
362 1295 489 1403 globum
514 1313 685 1403 putabant,
715 1336 733 1378 a
758 1315 864 1381 multis
890 1336 1045 1381 summurn
1071 1317 1175 1382 lleurn

119 1436 278 1505 vocatum,
300 1423 362 1512 (off.
390 1447 466 1513 quos
491 1425 524 1491 in
547 1425 651 1493 adnot.
671 1427 773 1516 prima
791 1426 881 1495 adh.
901 1450 970 1517 cap.
991 1428 1173 1508 citavimus,

107 1548 149 1641 ιοῐ
174 1516 352 1607 Macrobius
379 1540 416 1602 ιἰι
444 1532 554 1606 Somit.
585 1537 767 1629 Saepimis.
797 1539 824 1609 l.
856 1544 915 1620 17,
939 1539 998 1628 iu.)
1011 1590 1019 1621 ,
1050 1540 1083 1606 in
1112 1562 1175 1629 quo

114 1647 307 1739 planetarum
334 1650 544 1717 conversiones
571 1649 690 1719 fierent.
744 1651 808 1719 Ubi
834 1649 1016 1743 dereptem
1043 1651 1175 1742 planetis

113 1761 281 1850 loquuntur
304 1761 402 1853 (qnod
420 1762 537 1830 faciunt
554 1765 606 1835 vb.
630 1787 659 1833 c.
695 1764 813 1831 aristot
831 1765 872 1831 de
888 1764 1027 1832 Mundo.
1048 1786 1118 1854 cap.
1139 1749 1184 1833 2.'

115 1871 183 1940 Vol.
201 1872 228 1941 l.
254 1898 326 1965 pag.
348 1879 423 1943 847.
449 1874 487 1943 Ε.
510 1866 556 1966 ιο.
581 1875 737 1944 Plutarch.
757 1877 799 1942 de
816 1874 868 1945 Is.
889 1885 921 1941 et
942 1875 999 1944 Os.
1020 1899 1089 1966 cap.
1111 1882 1171 1956 48,
1305 1864 1311 1881 ’

113 1985 156 2054 in.
192 2010 266 2077 pag.
296 1992 372 2055 370.
399 1985 435 2056 O.
460 1990 500 2057 D.
550 1987 649 2057 Glem.
678 1990 764 2057 Alex.
795 1987 919 2058 Strom.
941 1990 997 2056 vl.
1022 2012 1092 2080 cap.
1118 1993 1171 2058 16.

112 2096 228 2164 Plinius
243 2098 340 2167 Hist.
361 2097 443 2168 Nar.
459 2100 503 2167 ΙΙ.
516 2104 549 2165 6.
583 2100 707 2168 Servius
727 2099 767 2167 ad
782 2101 820 2165 V
818 2105 887 2193 irg.
904 2101 988 2170 Aeo.
999 2101 1060 2169 lll.
1078 2104 1170 2190 284.)

109 2207 216 2277 Solem
245 2222 278 2275 et
306 2210 426 2276 Lunam
454 2211 489 2275 in
512 2233 619 2277 eorum
637 2213 867 2279 enumeratione
884 2213 1169 2302 comprehendunt3

111 2322 167 2395 alii
191 2343 266 2398 vero
284 2319 340 2387 hos
358 2323 439 2393 inter
458 2323 595 2411 planetas
613 2346 675 2390 non
696 2338 865 2393 recensent.
898 2324 973 2392 scit
993 2325 1087 2393 lliod.
1106 2326 1172 2395 Sic.
1214 2362 1217 2367 v

110 2434 153 2505 ll.
180 2438 236 2502 30.
261 2456 332 2523 pag.
357 2438 430 2504 143.
457 2435 604 2504 Wessel.
653 2435 720 2505 cic.
751 2436 791 2501 de
818 2437 899 2506 Nat.
927 2436 1028 2505 Deor.
1054 2438 1081 2506 Ι.
1109 2442 1170 2519 13,

111 2546 194 2615 saed.
223 2545 282 2613 ubi
300 2546 445 2637 ,loquitur
463 2545 503 2612 de
522 2547 617 2615 stellis
634 2549 739 2638 vagis,
765 2550 877 2639 quibus
892 2552 996 2640 jungis
1019 2551 1122 2619 Solem
1141 2565 1177 2618 et

111 2659 248 2740 Lunam3
276 2659 318 2726 cf.
333 2672 368 2726 et
387 2659 431 2728 ll.
453 2665 508 2730 20.
533 2655 562 2748 ς.
584 2664 644 2731 51:
678 2660 786 2729 »Solis
804 2676 835 2730 et
854 2662 961 2730 Lunae
980 2675 1012 2730 et
1030 2665 1171 2754 quinque

113 2772 314 2838 >serrantium
335 2811 381 2823 -
403 2786 450 2840 est
468 2773 549 2867 facta
567 2774 764 2841 couversio.'’
810 2773 859 2841 lta
884 2798 1016 2865 quoqne,
1031 2777 1171 2866 Hyginus

111 2883 148 2953 L.
170 2885 201 2952 ll
210 2937 220 2967 ,
244 2884 357 2950 lineet
375 2883 444 2966 ΙΙΙ,
468 2886 541 2953 line.
567 2900 598 2952 et
619 2889 759 2977 quinque
775 2889 869 2954 etiam
887 2899 1046 2952 recensent
1064 2887 1171 2951 Ptole-

111 3017 214 3065 maeus
237 3010 281 3081 ‚pt
308 2995 426 3065 Theon.
490 2998 527 3064 ln
553 3001 760 3065 monumentis
787 2999 984 3089 Aegyptiacis
1009 2998 1076 3063 llen
1104 2997 1171 3086 Tpe
1223 2990 1228 2995 ’

112 3108 174 3174 sive
202 3108 304 3200 Tipha
331 3106 505 3200 saepissime
534 3112 685 3189 occurrit,
710 3124 829 3200 septem
855 3111 961 3200 globos
987 3110 1171 3199 incorpore

112 3219 209 3310 pictos
225 3221 364 3299 habens,
384 3243 516 3309 qaorum
535 3222 597 3289 duo
612 3235 731 3288 certum
748 3221 851 3288 locum
870 3235 1038 3311 occupant,
1057 3222 1170 3312 reliqui

113 3333 248 3423 quinque
262 3354 321 3424 per
337 3346 437 3400 totum
451 3358 562 3426 corpus
576 3347 647 3402 sunt
661 3335 801 3424 dispersi.
830 3331 879 3402 Of.
897 3358 988 3425 supra
1002 3348 1072 3425 pag.
1092 3339 1167 3403 182.
1249 3336 1253 3343 ‘

113 3442 146 3509 in
164 3444 235 3515 adn.
250 3445 293 3512 ad
313 3446 420 3527 verba,
444 3449 588 3533 θηλυκῶς
608 3449 714 3530 μέντοι
732 3453 789 3529 τὴν
808 3449 947 3535 adnando.
993 3446 1047 3515 Sol
1065 3447 1170 3538 itaque
1240 3454 1245 3463 “

112 3569 145 3623 et
172 3558 257 3627 Luna
285 3573 360 3627 tuuc
387 3560 467 3627 iuter
495 3561 595 3627 stellas
624 3561 743 3625 censeri
769 3583 832 3626 noa
849 3559 993 3626 videntur
1009 3573 1168 3648 tamquam

112 3668 159 3735 dii
180 3672 369 3753 nobiliores,
393 3686 424 3740 et
443 3694 478 3739 er
497 3672 691 3762 planetarum
707 3692 836 3738 numero
855 3670 967 3739 exemti
984 3671 1024 3735 ab
1044 3671 1172 3757 Aegyp·-

115 3781 185 3862 tiis,
207 3784 305 3849 velnti
322 3782 480 3850 adnotavit
497 3782 536 3850 de
555 3785 650 3851 Pauw
668 3782 757 3851 adh.
777 3784 798 3852 l.
818 3822 864 3843 ψ-
883 3781 1044 3848 Caeterum
1064 3780 1169 3845 stellae

115 3893 147 3960 in
163 3896 371 3962 monumentis
391 3895 613 3986 Aegyptiorum
632 3897 770 3986 quinque
787 3894 882 3961 radiis
898 3888 1077 3982 pingimtur.
1108 3889 1166 3971 Off.

117 4003 287 4099 Gbampoll.
313 4007 354 4074 de
372 4007 529 4099 IIierogl.
552 4008 592 4075 V
588 4018 629 4104 ct.
652 4007 737 4099 Aeg.
760 4010 822 4076 tob.
848 4029 916 4096 gen.
936 4029 967 4073 n.
994 4008 1070 4071 239.
1095 4003 1166 4071 effi-

688 4146 694 4157 ·
1035 4121 1077 4182 20
